@ARTICLE{av,
   author = {Khalid El-Arini, Andrew W. Moore, Ting Liu},
   title = {Autonomous Visualization},
   journal = {Proc. European Conference on Principles and Practice of Knowledge Discovery in Databases},
   year = {2006}
}

@ARTICLE{dip,
   author = {J. A. Hartigan and P. M. Hartigan},
   title = {The Dip Test of Unimodality},
   journal = {The Annals of Statistics},
   volume = {13},
   pages = {1},
   year = {1985}
}

@ARTICLE{map,
   author = {Gregory Paul M. Roz√°l, J. A. Hartigan},
   title = {The MAP test for multimodality},
   journal = {Journal of Classification},
   volume = {11},
   pages = {5-36},
   year = {1994}
}

@ARTICLE{tra,
   author = {Peter Su, Robert L. Scot Drysdale},
   title = {A Comparison of Sequential Delaunay Triangulation Algorithms},
   journal = {11th ACM Symposium on Computational Geometry},
   volume = {7},
   pages = {361-385},
   year = {1996}
}

@ARTICLE{mst,
   author = {William B. March, Parikshit Ram,	Alexander G. Gray},
   title = {Fast euclidean minimum spanning tree: algorithm, analysis, and applications},
   journal = {KDD '10},
   pages = {603-612},
   year = {2010}
}